
@misc{biham_differential_1990,
  title = {Differential {{Cryptanalysis}} of {{DES}}-like {{Cryptosystems}}},
  author = {Biham, Eli and Shamir, Adi},
  date = {1990-07-19},
  url = {http://citeseerx.ist.psu.edu/viewdoc/download?doi=10.1.1.31.2000&rep=rep1&type=pdf},
  urldate = {2020-05-23},
  file = {C\:\\Users\\Gabriel\\Zotero\\storage\\QQ3GHDC4\\Biham und Shamir - Di erential Cryptanalysis of DES-like Cryptosystem.pdf}
}

@misc{brunold_differentielle_2002,
  title = {Differentielle {{Kryptoanalyse}}},
  author = {Brunold, Markus},
  date = {2002-05-30},
  publisher = {{Fachhochschule Aargau}},
  url = {http://www.roogo.org/murauer/DifferentielleKryptoanalyse.pdf#page.18},
  urldate = {2020-05-28}
}

@misc{d_coppersmith_data_1994,
  title = {The {{Data Encryption Standard}} ({{DES}}) and Its Strength against Attacks},
  author = {D, Coppersmith},
  date = {1994-05},
  publisher = {{IBM Journal of Research an Departement}},
  url = {https://ieeexplore.ieee.org/abstract/document/5389567}
}

@inreference{noauthor_differenzielle_2019,
  title = {Differenzielle Kryptoanalyse},
  booktitle = {Wikipedia},
  date = {2019-05-01T21:55:49Z},
  url = {https://de.wikipedia.org/w/index.php?title=Differenzielle_Kryptoanalyse&oldid=188123152},
  urldate = {2020-05-23},
  file = {C\:\\Users\\Gabriel\\Zotero\\storage\\VGZ2W6YN\\index.html},
  langid = {german}
}

@online{the_morpheus_tutoials_kryptographie_2016,
  title = {Kryptographie \#98 - Differentielle {{Kryptoanalyse}} von {{DES}}},
  author = {The Morpheus Tutoials},
  date = {2016-12-24},
  journaltitle = {YouTube},
  url = {https://www.youtube.com/watch?v=JoNP1U0leao&t=499s},
  urldate = {2020-05-23},
  file = {C\:\\Users\\Gabriel\\Zotero\\storage\\LXIZVKSA\\watch.html}
}

@online{thirah_vorhangeschloss-schlussel-computer-icons_nodate,
  title = {Vorhängeschloss-{{Schlüssel}}-{{Computer}}-{{Icons}}},
  author = {Thirah},
  journaltitle = {cleanpng.com},
  url = {https://de.cleanpng.com/png-qhshuq/},
  urldate = {2020-05-01},
  file = {C\:\\Users\\Gabriel\\Zotero\\storage\\KS4XBL77\\png-qhshuq.html}
}


